@article{dinh2016density,
	title={Density estimation using Real NVP},
	author={Dinh, Laurent and Sohl-Dickstein, Jascha and Bengio, Samy},
	journal={arXiv preprint arXiv:1605.08803},
	year={2016}
}

@article{dinh2014nice,
	title={NICE: Non-linear independent components estimation},
	author={Dinh, Laurent and Krueger, David and Bengio, Yoshua},
	journal={arXiv preprint arXiv:1410.8516},
	year={2014}
}

@inproceedings{kingma2016improved,
  title={Improved variational inference with inverse autoregressive flow},
  author={Kingma, Diederik P and Salimans, Tim and Jozefowicz, Rafal and Chen, Xi and Sutskever, Ilya and Welling, Max},
  booktitle={Advances in Neural Information Processing Systems},
  pages={4743--4751},
  year={2016}
}

@article{hinton2006reducing,
	title={Reducing the dimensionality of data with neural networks},
	author={Hinton, Geoffrey E and Salakhutdinov, Ruslan R},
	journal={science},
	volume={313},
	number={5786},
	pages={504--507},
	year={2006},
	publisher={American Association for the Advancement of Science}
}

@article{van2018sylvester,
	title={Sylvester normalizing flows for variational inference},
	author={van den Berg, Rianne and Hasenclever, Leonard and Tomczak, Jakub M and Welling, Max},
	journal={arXiv preprint arXiv:1803.05649},
	year={2018}
}

@article{figurnov2018implicit,
	title={Implicit Reparameterization Gradients},
	author={Figurnov, Michael and Mohamed, Shakir and Mnih, Andriy},
	journal={arXiv preprint arXiv:1805.08498},
	year={2018}
}

@article{kingma2013auto,
	title={Auto-encoding variational bayes},
	author={Kingma, Diederik P and Welling, Max},
	journal={arXiv preprint arXiv:1312.6114},
	year={2013}
}

@inproceedings{papamakarios2017masked,
	title={Masked autoregressive flow for density estimation},
	author={Papamakarios, George and Murray, Iain and Pavlakou, Theo},
	booktitle={Advances in Neural Information Processing Systems},
	pages={2338--2347},
	year={2017}
}

@inproceedings{germain2015made,
	title={Made: Masked autoencoder for distribution estimation},
	author={Germain, Mathieu and Gregor, Karol and Murray, Iain and Larochelle, Hugo},
	booktitle={International Conference on Machine Learning},
	pages={881--889},
	year={2015}
}

@inproceedings{rezende2015variational,
	title={Variational Inference with Normalizing Flows},
	author={Rezende, Danilo and Mohamed, Shakir},
	booktitle={International Conference on Machine Learning},
	pages={1530--1538},
	year={2015}
}

@article{oord2016pixel,
  title={Pixel recurrent neural networks},
  author={Oord, Aaron van den and Kalchbrenner, Nal and Kavukcuoglu, Koray},
  journal={arXiv preprint arXiv:1601.06759},
  year={2016}
}

@article{dillon2017tensorflow,
  title={TensorFlow Distributions},
  author={Dillon, Joshua V and Langmore, Ian and Tran, Dustin and Brevdo, Eugene and Vasudevan, Srinivas and Moore, Dave and Patton, Brian and Alemi, Alex and Hoffman, Matt and Saurous, Rif A},
  journal={arXiv preprint arXiv:1711.10604},
  year={2017}
}

@inproceedings{van2016wavenet,
  title={WaveNet: A generative model for raw audio.},
  author={Van Den Oord, A{\"a}ron and Dieleman, Sander and Zen, Heiga and Simonyan, Karen and Vinyals, Oriol and Graves, Alex and Kalchbrenner, Nal and Senior, Andrew W and Kavukcuoglu, Koray},
  booktitle={SSW},
  pages={125},
  year={2016}
}

@article{kingma2018glow,
  title={Glow: Generative flow with invertible 1x1 convolutions},
  author={Kingma, Diederik P and Dhariwal, Prafulla},
  journal={arXiv preprint arXiv:1807.03039},
  year={2018}
}